@comment{x-kbibtex-encoding=utf-8}

@unpublished{Schuller,
	author = {Schuller, Frederic and Rea, Simon and Dadhley, Richie},
	institution = {Friedrich-Alexander-Universität Erlangen-Nürnberg, Institut für Theoretische Physik III},
	title = {Lectures on Quantum Theory},
	url = {https://docs.wixstatic.com/ugd/6b203f_a94140db21404ae69fd8b367d9fcd360.pdf},
	year = {2019},
	note = {Lecturer: Dr.\@ Frederic Schuller}
}

@misc{SchullerVideos,
	author = {Schuller, Frederic},
	title = {Lectures on Quantum Theory},
	url = {https://youtube.com/playlist?list=PLPH7f_7ZlzxQVx5jRjbfRGEzWY_upS5K6},
	year = {2015}
}

misc{riggedphyse,
	author = {user1504 (\url{https://physics.stackexchange.com/users/1504/user1504})},
	howpublished = {Physics Stack Exchange (\url{https://physics.stackexchange.com})},
	note = {(version: 2012-11-06 16:28:47Z)},
	title = {Answer to the question `Rigged Hilbert space and QM'},
	url = {https://physics.stackexchange.com/a/43519/81224}
}

misc{riggedmo,
	author = {MathMath (\url{https://mathoverflow.net/users/152094/mathmath})},
	howpublished = {MathOverflow (\url{https://mathoverflow.net})},
	note = {(version: 2022-08-28 11:24:49Z)},
	title = {Good references for Rigged Hilbert spaces?},
	url = {https://mathoverflow.net/q/43313}
}

misc{riggedmrefmo,
	author = {Todd Trimble (\url{https://mathoverflow.net/users/2926/todd-trimble})},
	howpublished = {MathOverflow (\url{https://mathoverflow.net})},
	note = {(version: 2021-2-14 14:21:58Z)},
	title = {Rigged Hilbert spaces and the spectral theory in quantum mechanics},
	url = {https://mathoverflow.net/q/383952}
}

@misc{spectralthm,
	author = {Jonathan Gleason (\url{https://mathoverflow.net/users/16639/jonathan-gleason})},
	howpublished = {MathOverflow (\url{https://mathoverflow.net})},
	note = {(version: 2017-11-08 13:58:44Z)},
	title = {Answer to the question `Spectral theorem for self-adjoint differential operator on Hilbert space'},
	url = {https://mathoverflow.net/a/126758}
}

misc{riggedmoretti,
	author = {Valter Moretti (\url{https://physics.stackexchange.com/users/35354/valter-moretti})},
	howpublished = {Physics Stack Exchange (\url{https://physics.stackexchange.com})},
	note = {(version: 2023-02-03 10:41:47Z)},
	title = {Answer to the question `Is rigged Hilbert space generally considered the correct structure for QM?'},
	url = {https://physics.stackexchange.com/q/748060/81224}
}

@misc{riggedmurray,
	author = {J.\@ Murray (\url{https://physics.stackexchange.com/users/156895/j-murray})},
	howpublished = {Physics Stack Exchange (\url{https://physics.stackexchange.com})},
	note = {(version: 2020-03-30 02:00:10Z)},
	title = {Answer to the question `Where does ket vector live in rigged Hilbert space?'},
	url = {https://physics.stackexchange.com/a/441510/81224}
}

@book{Blanchard,
	author = {Blanchard, Philippe and Brüning, Erwin},
	edition = 2,
	isbn = {978-3-319-14044-5},
	issn = {1544-9998},
	publisher = {Birkhäuser Basel},
	series = {Progress in Mathematical Physics},
	title = {Mathematical Methods in Physics: Distributions, Hilbert Space Operators, Variational Methods, and Applications in Quantum Physics},
	year = {2015}
}

@book{Bowers,
	author = {Bowers, Philip},
	isbn = {978-1-108-42976-4},
	publisher = {Cambridge University Press, Cambridge},
	title = {Lectures on Quantum Mechanics},
	year = {2020}
}

@book{Reed,
	author = {Reed, Michael and Simon, Barry},
	isbn = {978-0-080-57048-8},
	publisher = {Academic Press, Inc. London},
	title = {Methods of Modern Mathematical Analysis I: Functional Analysis},
	edition = {Revised and Enlarged editon},
	year = {1980},
	volume = 1,
	addendum = {`Chapter 5: Locally Convex Spaces' contains material pertaining to this lecture. Famously, the authors remark that ``We must emphasize that we regard the spectral theorem as sufficient for any argument where a nonrigorous approach might rely on Dirac notation; thus we only recommend the abstract rigged space approach to readers with a strong emotional attachment to Dirac formalism."}
}

@book{gelfand,
	author = {Gelfand, Israel Moiseevich and Naum Yakovlevich Vilenkin},
	translator = {Amiel Feinstein},
	title = {Generalized Functions: Applications of Harmonic Analysis},
	publisher = {Academic Press, Inc. London},
	year = {1964},
	isbn = {0-12-279504-1},
	volume = 4,
	addendum = {The statements as cited appear on p.~126. However, it has been pointed out~\cite{spectralthm} that the actual proof of the generalized eigenvector expansion given here is completely wrong. Gould's paper~\cite{gould} contains the correct proof.}
}

@phdthesis{madrid,
	title = {Quantum Mechanics in Rigged Hilbert Space Language},
	school = {University of Valladolid},
	author = {de la Madrid, Rafael},
	year = {2001},
	month = {May},
	url = {http://galaxy.cs.lamar.edu/~rafaelm/webdis.pdf}
}

@article{gould,
	author = {Gould, G.\@ G.\@ },
	title = {The Spectral Representation of Normal Operators on a Rigged Hilbert Space},
	journal = {Journal of the London Mathematical Society},
	volume = {s1-43},
	number = {1},
	pages = {745–754},
	doi = {https://doi.org/10.1112/jlms/s1-43.1.745},
	year = {1968}
}





